% ==================== ROACH PLATFORM ==================== %

@inproceedings{haldane2015running,
  title={Running beyond the bio-inspired regime},
  author={Haldane, Duncan W and Fearing, Ronald S},
  booktitle={Robotics and Automation (ICRA), 2015 IEEE International Conference on},
  pages={4539--4546},
  year={2015},
  organization={IEEE}
}

@INPROCEEDINGS{haldaneVelociRoACHDesign,
author={D. W. Haldane and K. C. Peterson and F. L. Garcia Bermudez and R. S. Fearing},
booktitle={2013 IEEE International Conference on Robotics and Automation},
title={Animal-inspired design and aerodynamic stabilization of a hexapedal millirobot},
year={2013},
volume={},
number={},
pages={3279-3286},
keywords={aerodynamics;aerospace control;legged locomotion;stability;VelociRoACH;aerodynamic rotational damper;aerodynamic stabilization;animal inspired design;dynamic performance;hexapedal millirobot;legged millirobots;legged robot;locomotion adaptations;robotic system;rotational dynamics;rotational energy;Aerodynamics;Animals;Kinematics;Legged locomotion;Limit-cycles;Oscillators},
doi={10.1109/ICRA.2013.6631034},
ISSN={1050-4729},
month={May},}

@article{ChenTerradynamic,
  title={Terradynamically streamlined shapes in animals and robots enhance traversability through densely cluttered terrain},
  author={Li, Chen and Pullin, Andrew O and Haldane, Duncan W and Lam, Han K and Fearing, Ronald S and Full, Robert J},
  journal={Bioinspiration \& biomimetics},
  volume={10},
  number={4},
  pages={046003},
  year={2015},
  publisher={IOP Publishing}
}

% ==================== COOPERATIVE BEHAVIOR ==================== %

@article{reynolds1987flocks,
  title={Flocks, herds and schools: A distributed behavioral model},
  author={Reynolds, Craig W},
  journal={ACM SIGGRAPH computer graphics},
  volume={21},
  number={4},
  pages={25--34},
  year={1987},
  publisher={ACM}
}

@INPROCEEDINGS{RealBoids,
author={S. Hauert and S. Leven and M. Varga and F. Ruini and A. Cangelosi and J. C. Zufferey and D. Floreano},
booktitle={2011 IEEE/RSJ International Conference on Intelligent Robots and Systems},
title={Reynolds flocking in reality with fixed-wing robots: Communication range vs. maximum turning rate},
year={2011},
volume={},
number={},
pages={5015-5020},
keywords={Collision avoidance;Dynamic range;Dynamics;IEEE 802.11 Standards;Robot sensing systems;Vectors},
doi={10.1109/IROS.2011.6095129},
ISSN={2153-0858},
month={Sept},}

@inproceedings{chang2003collision,
  title={Collision avoidance for multiple agent systems},
  author={Chang, Dong Eui and Shadden, Shawn C and Marsden, Jerrold E and Olfati-Saber, Reza},
  booktitle={Decision and Control, 2003. Proceedings. 42nd IEEE Conference on},
  volume={1},
  pages={539--543},
  year={2003},
  organization={IEEE}
}

@article{ManyScallop,
  title = {No many-scallop theorem: Collective locomotion of reciprocal swimmers},
  author = {Lauga, Eric and Bartolo, Denis},
  journal = {Phys. Rev. E},
  volume = {78},
  issue = {3},
  pages = {030901},
  numpages = {4},
  year = {2008},
  month = {Sep},
  publisher = {American Physical Society},
  doi = {10.1103/PhysRevE.78.030901},
  url = {https://link.aps.org/doi/10.1103/PhysRevE.78.030901}
}

@INPROCEEDINGS{EvolutionaryCoopSwarm,
author={M. D. Byington and B. E. Bishop},
booktitle={2008 40th Southeastern Symposium on System Theory (SSST)},
title={Cooperative Robot Swarm Locomotion Using Genetic Algorithms},
year={2008},
volume={},
number={},
pages={252-256},
keywords={control system synthesis;decentralised control;genetic algorithms;mobile robots;motion control;multi-robot systems;cooperative robot swarm locomotion;decentralized controller design;genetic algorithms;genetic programming;locomotion controllers;robotic agents;Algorithm design and analysis;Control systems;Design engineering;Design optimization;Genetic algorithms;Genetic engineering;Genetic programming;Modeling;Robots;Systems engineering and theory},
doi={10.1109/SSST.2008.4480232},
ISSN={0094-2898},
month={March},}

% ==================== COOPERATIVE LOCOMOTION ==================== %
@inproceedings{casarez2016step,
  title={Step climbing cooperation primitives for legged robots with a reversible connection},
  author={Casarez, Carlos S and Fearing, Ronald S},
  booktitle={Robotics and Automation (ICRA), 2016 IEEE International Conference on},
  pages={3791--3798},
  year={2016},
  organization={IEEE}
}

@article{werfel2014designing,
  title={Designing collective behavior in a termite-inspired robot construction team},
  author={Werfel, Justin and Petersen, Kirstin and Nagpal, Radhika},
  journal={Science},
  volume={343},
  number={6172},
  pages={754--758},
  year={2014},
  publisher={American Association for the Advancement of Science}
}

% ==================== COOPERATIVE MANIPULATION ==================== %

@inproceedings{rus1995moving,
  title={Moving furniture with teams of autonomous robots},
  author={Rus, Daniela and Donald, Bruce and Jennings, Jim},
  booktitle={Intelligent Robots and Systems 95.'Human Robot Interaction and Cooperative Robots', Proceedings. 1995 IEEE/RSJ International Conference on},
  volume={1},
  pages={235--242},
  year={1995},
  organization={IEEE}
}

@article{sugar2002control,
  title={Control of cooperating mobile manipulators},
  author={Sugar, Thomas G and Kumar, Vijay},
  journal={IEEE Transactions on robotics and automation},
  volume={18},
  number={1},
  pages={94--103},
  year={2002},
  publisher={IEEE}
}

@inproceedings{spletzer2001cooperative,
  title={Cooperative localization and control for multi-robot manipulation},
  author={Spletzer, J and Das, Aveek K and Fierro, Rafael and Taylor, Camillo J and Kumar, Vijay and Ostrowski, James P},
  booktitle={Intelligent Robots and Systems, 2001. Proceedings. 2001 IEEE/RSJ International Conference on},
  volume={2},
  pages={631--636},
  year={2001},
  organization={IEEE}
}

@inproceedings{song2002potential,
  title={A potential field based approach to multi-robot manipulation},
  author={Song, Peng and Kumar, Vijay},
  booktitle={Robotics and Automation, 2002. Proceedings. ICRA'02. IEEE International Conference on},
  volume={2},
  pages={1217--1222},
  year={2002},
  organization={IEEE}
}

@article{kube2000cooperative,
  title={Cooperative transport by ants and robots},
  author={Kube, C Ronald and Bonabeau, Eric},
  journal={Robotics and autonomous systems},
  volume={30},
  number={1},
  pages={85--101},
  year={2000},
  publisher={Elsevier}
}

% ==================== NON-PREHENSILE/IN-HAND/NON-CLOSURE MANIPULATION ==================== %

@book{MasonMORMBook,
 author = {Mason, Matthew T.},
 title = {Mechanics of Robotic Manipulation},
 year = {2001},
 isbn = {0-262-13396-2},
 publisher = {MIT Press},
 address = {Cambridge, MA, USA},
}

@article{lynch1999dynamic,
  title={Dynamic nonprehensile manipulation: Controllability, planning, and experiments},
  author={Lynch, Kevin M and Mason, Matthew T},
  journal={The International Journal of Robotics Research},
  volume={18},
  number={1},
  pages={64--92},
  year={1999},
  publisher={SAGE Publications}
}

@inproceedings{dafle2014extrinsic,
  title={Extrinsic dexterity: In-hand manipulation with external forces},
  author={Dafle, Nikhil Chavan and Rodriguez, Alberto and Paolini, Robert and Tang, Bowei and Srinivasa, Siddhartha S and Erdmann, Michael and Mason, Matthew T and Lundberg, Ivan and Staab, Harald and Fuhlbrigge, Thomas},
  booktitle={Robotics and Automation (ICRA), 2014 IEEE International Conference on},
  pages={1578--1585},
  year={2014},
  organization={IEEE}
}

@inproceedings{rodriguez2013effector,
  title={Effector form design for 1DOF planar actuation},
  author={Rodriguez, Alberto and Mason, Matthew T},
  booktitle={Robotics and Automation (ICRA), 2013 IEEE International Conference on},
  pages={349--356},
  year={2013},
  organization={IEEE}
}

% ==================== SELF RIGHTING PAPERS ==================== %

@article{saranli2004model,
  title={Model-based dynamic self-righting maneuvers for a hexapedal robot},
  author={Saranli, Uluc and Rizzi, Alfred A and Koditschek, Daniel E},
  journal={The International Journal of Robotics Research},
  volume={23},
  number={9},
  pages={903--918},
  year={2004},
  publisher={SAGE Publications}
}

@inproceedings{li2016cockroach,
  title={Cockroach-inspired winged robot reveals principles of ground-based dynamic self-righting},
  author={Li, Chen and Kessens, Chad C and Young, Austin and Fearing, Ronald S and Full, Robert J},
  booktitle={Intelligent Robots and Systems (IROS), 2016 IEEE/RSJ International Conference on},
  pages={2128--2134},
  year={2016},
  organization={IEEE}
}

@inproceedings{casarezTailRighting,
  title={Dynamic Terrestrial Self-Righting with a Minimal Tail},
  author={Casarez, Carlos S and Fearing, Ronald S},
  booktitle={Intelligent Robots and Systems (IROS), 2016 IEEE/RSJ International Conference on},
  year={2017},
  organization={IEEE}
}

@article{domokos2008geometry,
  title={Geometry and self-righting of turtles},
  author={Domokos, G{\'a}bor and V{\'a}rkonyi, P{\'e}ter L},
  journal={Proceedings of the Royal Society of London B: Biological Sciences},
  volume={275},
  number={1630},
  pages={11--17},
  year={2008},
  publisher={The Royal Society}
}

% ==== Kessens
@inproceedings{kessens2014metric,
  title={A metric for self-rightability and understanding its relationship to simple morphologies},
  author={Kessens, Chad C and Lennon, Craig T and Collins, Jason},
  booktitle={Intelligent Robots and Systems (IROS 2014), 2014 IEEE/RSJ International Conference on},
  pages={3699--3704},
  year={2014},
  organization={IEEE}
}

@inproceedings{kessens2012framework,
  title={A framework for autonomous self-righting of a generic robot on sloped planar surfaces},
  author={Kessens, Chad C and Smith, Daniel C and Osteen, Philip R},
  booktitle={Robotics and Automation (ICRA), 2012 IEEE International Conference on},
  pages={4724--4729},
  year={2012},
  organization={IEEE}
}
